@book{Tantau:2010,
     author = "Till Tantau",
     title = "User's guide to the beamer class",
     year = "2010"
}
     
@book{Oetiker:1999,
     author = "Tobias Oetiker y otros",
     title = "The {N}ot {S}o {S}hort {I}ntroduction to \LaTeX",
     year = "1999"
}

@book{Facundo:2011,
     author = "Facundo Mu√±oz",
     title = "Curso avanzado de {b}eamer",
     year = "2011"
}
